@inproceedings{headerless,
	author = {Emily K. Jamison and Iryna Gurevych},
	title = {Headerless, Quoteless, but not Hopeless? Using Pairwise Email Classification to Disentangle Email Threads},
	booktitle = {Proceedings of Recent Advances in Natural Language Processing},
	year = {2013},
	month = {September},
	pages = {327--335},
	address=  {Hissar, Bulgaria}
}
@inproceedings{similarity,
	author = {Jen-Yuan Yeh and Aaron Hamly},
	title = {Email Thread Reassembly Using Similary Matching},
	booktitle = {{CEAS} -- Third Conference on Email and Anti-Spam},
	year = {2006},
	month = {July},
	address=  {Mountain View, USA}
}
@article{crf,
	title={Conditional random fields: Probabilistic models for segmenting and labeling sequence data},
	author={Lafferty, John and McCallum, Andrew and Pereira, Fernando CN},
	year={2001}
}
@inproceedings{cperceptron,
	title={Discriminative training methods for hidden markov models: Theory and experiments with perceptron algorithms},
	author={Collins, Michael},
	booktitle={Proceedings of the ACL-02 conference on Empirical methods in natural language processing-Volume 10},
	pages={1--8},
	year={2002},
	organization={Association for Computational Linguistics}
}
@article{char_nn,
	author    = {Yoon Kim and
	Yacine Jernite and
	David Sontag and
	Alexander M. Rush},
	title     = {Character-Aware Neural Language Models},
	journal   = {CoRR},
	volume    = {abs/1508.06615},
	year      = {2015},
	url       = {http://arxiv.org/abs/1508.06615},
	timestamp = {Wed, 07 Jun 2017 14:41:17 +0200},
	biburl    = {http://dblp.uni-trier.de/rec/bib/journals/corr/KimJSR15},
	bibsource = {dblp computer science bibliography, http://dblp.org}
}
@article{lstm_crf,
	author    = {Zhiheng Huang and
	Wei Xu and
	Kai Yu},
	title     = {Bidirectional {LSTM-CRF} Models for Sequence Tagging},
	journal   = {CoRR},
	volume    = {abs/1508.01991},
	year      = {2015},
	url       = {http://arxiv.org/abs/1508.01991},
	timestamp = {Wed, 07 Jun 2017 14:42:03 +0200},
	biburl    = {http://dblp.uni-trier.de/rec/bib/journals/corr/HuangXY15},
	bibsource = {dblp computer science bibliography, http://dblp.org}
}
@article{lstm_cnn_crf,
	author    = {Xuezhe Ma and
	Eduard H. Hovy},
	title     = {End-to-end Sequence Labeling via Bi-directional LSTM-CNNs-CRF},
	journal   = {CoRR},
	volume    = {abs/1603.01354},
	year      = {2016},
	url       = {http://arxiv.org/abs/1603.01354},
	timestamp = {Wed, 07 Jun 2017 14:41:05 +0200},
	biburl    = {http://dblp.uni-trier.de/rec/bib/journals/corr/MaH16},
	bibsource = {dblp computer science bibliography, http://dblp.org}
}
@techreport{shneiderman,
	title={Beyond threads: Identifying discussions in email archives},
	author={Perer, Adam and Shneiderman, Ben},
	year={2005},
	institution={MARYLAND UNIV COLLEGE PARK HUMAN COMPUTER INTERACTION LAB}
}
@inproceedings{zones,
	author = {Andrew Lampert and Robert Dale and Cécile Paris},
	title = {Segmenting Email Message Text into Zones},
	booktitle = {Proceedings of the Conference on Empirical Methods in Natural Language Processing},
	year = {2009},
	month = {August},
	pages = {919--928},
	address=  {Singapore}
}
@inproceedings{signature,
	author = {Victor R. Carvalho and William W. Cohen},
	title = {Learning to Extract Signature and Reply Lines from Email},
	booktitle={Proceedings of the Conference on Email and Anti-Spam},
	year = {2004},
	address=  {Mountain View, USA}
}
@inproceedings{rfa,
	author = {Andrew Lampert and Robert Dale and Cécile Paris},
	title = {Detecting Emails Containing Requests for Action},
	booktitle={Human Language Technologies: The 2010 Annual Conference of the North American Chapter of the Association for Computational Linguistics},
	pages={984--992},
	year={2010},
	organization={Association for Computational Linguistics}
}
@article{gru,
	author    = {KyungHyun Cho and
	Bart van Merrienboer and
	Dzmitry Bahdanau and
	Yoshua Bengio},
	title     = {On the Properties of Neural Machine Translation: Encoder-Decoder Approaches},
	journal   = {CoRR},
	volume    = {abs/1409.1259},
	year      = {2014},
	url       = {http://arxiv.org/abs/1409.1259},
	timestamp = {Wed, 07 Jun 2017 14:42:33 +0200},
	biburl    = {http://dblp.uni-trier.de/rec/bib/journals/corr/ChoMBB14},
	bibsource = {dblp computer science bibliography, http://dblp.org}
}
@inproceedings{profiling,
	title={Author profiling for English emails},
	author={Estival, Dominique and Gaustad, Tanja and Pham, Son Bao and Radford, Will and Hutchinson, Ben},
	booktitle={Proceedings of the 10th Conference of the Pacific Association for Computational Linguistics},
	pages={263--272},
	year={2007}
}
@inproceedings{20news,
	author = "Ken Lang",
	title = "Newsweeder: Learning to filter netnews",
	year = 1995,
	booktitle = "Proceedings of the Twelfth International Conference on Machine Learning",
	pages = "331-339"
}
@article{minorthird,
	title={Minorthird: Methods for identifying names and ontological relations in text using heuristics for inducing regularities from data},
	author={Cohen, William W},
	year={2004}
}
@article{workhard,
	title={Work Hard, Play Hard: Email Classification on the Avocado and Enron Corpora},
	author={Alkhereyf, Sakhar and Rambow, Owen},
	journal={TextGraphs-11},
	pages={57},
	year={2017}
}
@InProceedings{sozebra,
	author = {Simon Scerri and Gerhard Gossen and Brian Davis and Siegfried Handschuh},
	title = {Classifying Action Items for Semantic Email},
	booktitle = {Proceedings of the Seventh International Conference on Language Resources and Evaluation (LREC'10)},
	year = {2010},
	month = {may},
	date = {19-21},
	address = {Valletta, Malta},
	editor = {Nicoletta Calzolari (Conference Chair) and Khalid Choukri and Bente Maegaard and Joseph Mariani and Jan Odijk and Stelios Piperidis and Mike Rosner and Daniel Tapias},
	publisher = {European Language Resources Association (ELRA)},
	isbn = {2-9517408-6-7},
	language = {english}
}
@article{enron,
	title={The enron corpus: A new dataset for email classification research},
	author={Klimt, Bryan and Yang, Yiming},
	journal={Machine learning: ECML 2004},
	pages={217--226},
	year={2004},
	publisher={Springer}
}
@article{avocado,
	title={Avocado research email collection},
	author={Oard, Douglas and Webber, William and Kirsch, David and Golitsynskiy, Sergey},
	journal={LDC2015T03. DVD. Philadelphia: Linguistic Data Consortium},
	year={2015}
}
@inproceedings{replying,
	title={Characterizing and Predicting Enterprise Email Reply Behavior},
	author={Yang, Liu and Dumais, Susan T and Bennett, Paul N and Awadallah, Ahmed Hassan},
	booktitle={Proceedings of the 40th International ACM SIGIR conference on Research and Development in Information Retrieval, SIGIR 2017, Tokyo, Japan},
	year={2017}
}
@article{classification,
	title={Email Classification Research Trends: Review and Open Issues},
	author={Mujtaba, Ghulam and Shuib, Liyana and Raj, Ram Gopal and Majeed, Nahdia and Al-Garadi, Mohammed Ali},
	journal={IEEE Access},
	year={2017},
	publisher={IEEE}
}
@inproceedings{rauscher2015context,
	title={Context Aware Knowledge Zoning: Traceability and Business Emails},
	author={Rauscher, Fran{\c{c}}ois and Matta, Nada and Atifi, Hassan},
	booktitle={IFIP International Workshop on Artificial Intelligence for Knowledge Management},
	pages={66--79},
	year={2015},
	organization={Springer}
}